3848 5914
771 476 965 535 ni‘vlssoi·
987 473 1148 534 inissa.
1171 477 1209 546 l,
1230 499 1257 533 κ.

523 598 614 656 lind».
638 596 682 662 Κί

253 788 415 867 Ἀλέξανδρος
437 786 464 845 di
486 788 634 844 καταλῦσαι
657 783 722 862 ἐγνω
743 784 772 841 τὸ
787 783 905 841 ναυτικὸν
924 805 989 861 χρη-

212 880 302 954 μάτων
323 899 352 934 τε
374 877 401 933 ίν
421 877 459 954 τῷ
483 871 540 931 τότε
560 873 658 951 ἀπορίᾳ
680 870 725 929 καί
739 870 796 948 ἅμα
818 873 865 929 οὐκ
882 868 991 949 ἀξιόμα-

211 988 257 1043 χον
272 967 338 1042 δρῶν
351 961 381 1020 τὸ
395 965 472 1019 αὑτοῦ
486 958 605 1017 ναυτικὸν
623 962 660 1038 τῷ
677 961 814 1038 Περσικῷ,
830 956 921 1015 οὔκουν
935 956 988 1014 οὐδ’

1344 596 1424 656 CAP.
1447 597 1510 654 XX.

1067 794 1200 844 alexander
1212 796 1312 845 classem
1325 795 1454 847 dissolvere
1465 799 1562 859 statuit,
1572 799 1659 861 partim
1668 801 1736 862 quod
1744 815 1811 864 pecu

1034 880 1081 930 nisa
1090 881 1169 943 inopia
1177 884 1231 932 tum
1240 884 1355 945 temporis
1365 886 1528 948 premebatur,
1536 888 1622 949 partim
1637 888 1705 951 quod
1714 890 1812 939 Persian

1034 969 1103 1018 classi
1117 968 1194 1032 impar
1206 973 1258 1020 crat
1272 990 1278 1019 ι
1295 984 1375 1033 neque
1391 985 1447 1022 eram
1460 974 1581 1025 exercitus
1595 975 1633 1025 sui
1649 979 1720 1038 parte
1735 976 1812 1039 aliqua

212 1053 305 1112 ἐδελων
320 1049 458 1130 μέρεντινὶ
476 1048 521 1118 τῆς
534 1055 657 1126 στρατιᾶς
668 1045 832 1104 κινδυνεύειν.
846 1044 946 1108 Ἄλλως
962 1064 989 1099 τε
1034 1056 1162 1118 periclitari
1174 1058 1279 1108 solebat.
1297 1059 1508 1112 Animadvertebas
1525 1068 1653 1124 praterea.
1671 1078 1750 1126 quum
1765 1065 1812 1127 ι’ωιι

185 1150 198 1188 ὓ
212 1141 324 1211 ἐπενόει,
346 1134 465 1215 κατέχων
485 1134 536 1205 ἤδη
552 1135 590 1211 τῷ
609 1134 678 1213 πεζῷ
694 1131 741 1202 riv
755 1130 853 1203 Ἀσίαν,
873 1132 913 1203 ότι
931 1129 989 1188 οὔτε
1035 1144 1114 1192 Asiam
1126 1146 1278 1195 terrestribus
1291 1148 1365 1208 copiis
1375 1149 1600 1209 taneret,scclasse
1609 1164 1658 1200 non
1668 1165 1753 1213 egere,
1763 1167 1812 1202 m.

117 1254 121 1267 ¹
211 1230 332 1285 ναυτικοῦ
348 1223 386 1283 ἐτι
406 1222 503 1292 δίοιτο,
523 1218 571 1284 τάς
584 1241 614 1276 τε
635 1218 778 1297 παραλίους
791 1218 879 1283 πόλεις
901 1216 990 1274 λαῦὼν
1034 1231 1167 1293 ritimisque
1175 1232 1268 1294 oppidis
1282 1234 1371 1295 captis,
1384 1234 1454 1284 facile
1467 1239 1583 1287 utpefflae
1595 1237 1812 1289 cimmdimmp.

211 1311 353 1372 καταλύσει
366 1310 396 1369 τδ
410 1311 519 1388 Περσῶν
534 1305 665 1381 ναυτικόν,
680 1305 739 1364 οὔτε
752 1305 842 1364 ὁπόθεν
859 1304 905 1369 τὰς
919 1307 989 1375 ύπη-

212 1400 297 1481 ρεσίας
309 1395 544 1475 συμπληρώσουσιν
555 1392 614 1452 οὔτε
625 1395 678 1464 δπη
693 1396 739 1464 τῆς
751 1392 837 1459 Ἀσίας
849 1389 990 1469 προσέξου-

211 1511 251 1546 σιν
262 1486 378 1565 ἐχοντας.
393 1482 447 1543 Καὶ
461 1481 504 1539 τὸν
520 1480 595 1539 ἀετὸν
607 1479 690 1559 ταύτῃ
705 1478 863 1538 συνέόαλλεν
876 1477 916 1536 ότι
927 1477 989 1548 ἐσή-

174 1595 197 1632 ιο
211 1597 291 1650 μηνεν
306 1573 377 1651 αύτῷ
389 1574 419 1629 ἐκ
432 1573 479 1640 τῆς
490 1573 537 1645 γῆς
550 1567 690 1647 κρατήσειν
705 1571 754 1624 τῶν
770 1570 842 1624 νειῦν.

248 1681 272 1723 a.
293 1663 387 1719 Ταῦτα
400 1655 427 1714 δέ
444 1655 649 1736 διαπραξόμενος
661 1654 705 1712 ἐπὶ
719 1654 820 1734 Καρίας
839 1653 988 1722 ἐστέλλετο,

210 1747 249 1806 ότι
263 1750 289 1805 ἐν
304 1745 500 1823 Ἁλικαρνασσῷ
514 1740 741 1813 marcenniacum
760 1739 862 1821 ραύλην
879 1738 988 1814 δύναμιν

209 1841 260 1895 τῶν
273 1859 302 1894 τε
317 1833 456 1913 βαρόάρων
471 1831 517 1890 καὶ
537 1830 614 1898 ξένων
626 1827 805 1905 ἐξηγγέλλετο.
820 1827 905 1887 Ὅσαι
919 1826 947 1885 δέ
962 1830 988 1886 ἐν

210 1924 282 2003 μέσῳ
295 1922 383 1987 πολεις
401 1919 520 1990 Μιλήτου
542 1917 631 1976 τεκαὶ
656 1919 873 1997 Ἁλικαρνασσοῦ,
893 1914 989 1981 ταύτας

172 2030 196 2069 ια
209 2009 235 2078 ἐξ
253 2011 344 2092 ἐρόδου
358 2006 447 2066 λαθὼν
463 2004 730 2083 καταστρατοπεδεύει
741 2005 804 2083 πρὸς
819 2003 988 2082 Ἁλικαρνασ-

209 2102 261 2176 σῷ,
274 2096 382 2174 ἀπέχων
391 2099 437 2165 τῆς
448 2091 548 2159 πόλεως
557 2094 582 2159 ἐς
592 2089 669 2150 πέντε
682 2091 798 2167 μάλιστα
810 2089 943 2166 σταδίους,
953 2091 988 2154 ὡς

210 2187 253 2245 ἐπί
263 2185 359 2265 χρονίῳ
369 2182 517 2264 πολιορκίρ.
538 2183 572 2259 (a)
586 2181 626 2241 Ἥ
641 2205 669 2239 τε
681 2180 730 2262 γὰρ
744 2179 877 2259 φύσιςτοῦ
890 2179 988 2257 χωρίου

209 2273 302 2351 ὀχυρὸν
312 2270 393 2330 ἐποίει
403 2269 467 2327 αὐτὸ
475 2268 520 2327 καὶ
532 2267 584 2338 ὅπη
596 2289 622 2324 τι
632 2268 711 2325 ἐνδεῖν
725 2270 760 2332 ὡς
770 2265 833 2345 πρδς
844 2265 988 2345 ἀσφάλειαν

210 2360 340 2438 ἐφαίνετο,
356 2355 492 2433 ξύμπαντα
506 2359 589 2412 ταῦτα
610 2353 724 2429 Μέμνων
740 2377 768 2412 τε
789 2351 865 2417 αύτδς
883 2350 987 2430 παρών,

169 2461 196 2501 ao
209 2447 260 2518 ἤδη
281 2441 494 2520 ἀποδεδειγμένος
507 2441 570 2521 πρὸς
583 2440 694 2520 Δαρείου
708 2445 754 2511 τῆς
772 2462 801 2497 τε
814 2440 887 2496 κάτω
901 2435 987 2498 Ἀσίαι

210 2532 255 2591 καί
267 2537 312 2591 τοῦ
327 2534 447 2589 ναυτικοῦ
459 2526 555 2593 παντὸς
566 2526 681 2604 ἡγεμών,
694 2529 724 2584 ἐκ
734 2528 831 2585 πολλοῦ
843 2546 988 2604 παρεσκευ-

210 2620 281 2690 άκει,
293 2617 338 2676 καὶ
351 2618 508 2696 στρατιῶται
519 2613 611 2672 πολλοὶ
624 2611 670 2690 μίν
684 2612 749 2680 ξένοι
758 2611 910 2692 μισδορόροι
919 2611 945 2668 ἐν
956 2619 989 2691 τῇ

209 2706 283 2766 πόλει
296 2702 539 2784 ἐγκατελείφθησαν,
552 2700 645 2759 πολλοὶ
661 2700 747 2758 δὲκαὶ
764 2701 873 2777 Περσῶν
892 2700 987 2758 αὐτῶν·

209 2793 240 2852 αί
252 2816 279 2851 τι
299 2791 411 2873 τριήρεις
425 2788 561 2868 ἐφώρμουν
575 2791 613 2868 τῷ
631 2786 733 2864 λιμένι,
746 2790 781 2853 ὡς
802 2785 847 2844 καὶ
868 2786 923 2844 ιἰπὸ
935 2787 988 2843 τιῦν

169 2907 196 2946 νς
209 2882 308 2940 ναυτῶν
322 2876 421 2949 πολλὴν
433 2874 559 2956 ὠρίλειαν
573 2873 704 2952 γίγνεσθαι
718 2876 743 2940 ἐς
757 2871 790 2932 sd
802 2873 876 2950 ἔργα.

247 2989 270 3028 ι,
281 2970 324 3045 Τῇ
334 2965 381 3043 μὲν
392 2962 424 3035 δὴ
435 2963 527 3044 πρώτῃ
537 2960 624 3042 ἡμέρα
636 2960 810 3040 προσάγοντος
822 2957 987 3038 Ἀλεξάνδρου

209 3057 246 3134 τῷ
267 3052 348 3131 τείχει
368 3049 502 3117 κατίετδς
528 3048 572 3107 ἐπὶ
596 3047 715 3109 Μύλασα
737 3045 864 3127 φερούσας
886 3044 986 3121 πύλας,

209 3140 323 3219 ἐκδρομή
336 3161 365 3197 τε
378 3136 493 3215 γίγνεται
506 3139 559 3193 τῶν
575 3137 605 3192 ἐκ
618 3138 662 3204 τῆς
677 3134 777 3201 πολεως
790 3134 835 3192 καί
848 3131 988 3211 άκρούολι-

209 3226 282 3303 σμός·
298 3225 343 3284 καὶ
356 3225 461 3290 τούτους
478 3225 507 3282 ού
527 3225 650 3302 χαλεπῶς
673 3221 822 3280 ἀνέστειλάν
837 3242 865 3277 τε
884 3222 908 3278 οἱ
921 3222 986 3299 παρ’

169 3329 196 3367 so
209 3311 375 3393 Ἀλεξάνδρου
387 3309 607 3390 ἀντεκδραμόντες
618 3309 663 3368 καί
673 3311 698 3376 ἐς
712 3308 759 3380 τλν
770 3308 845 3368 πόλιν
857 3308 988 3367 κατέκλει·

208 3425 275 3460 devs
495 3432 505 3454 ε

248 3509 272 3547 n.
295 3489 335 3547 Οὐ
349 3486 458 3551 πολλαῖς
469 3484 496 3543 δὲ
510 3484 615 3564 ὕστερον
627 3482 737 3561 ἡμέραις
750 3482 913 3563 Ἀλέξανδρος
923 3484 988 3540 ἀνα-

208 3573 298 3632 λαύών
315 3572 373 3640 τούς
384 3596 413 3631 τε
424 3572 590 3636 ὑπασπιστὰς
603 3570 648 3628 καί
661 3568 709 3639 riv
723 3574 775 3627 τῶν
788 3569 897 3651 ἑταίρων
907 3567 987 3627 ίππον

210 3660 255 3719 καλ
267 3652 315 3730 τὴν
328 3657 454 3735 Ἀμύντου
464 3681 492 3716 τε
504 3659 549 3714 καὶ
564 3656 708 3734 Περδίκκου
718 3653 764 3713 καί
778 3656 931 3734 Μελεάγρου
941 3654 988 3713 τό·

170 3764 195 3804 ss
212 3747 248 3816 ξιν
262 3746 308 3817 τὴν
322 3744 439 3816 πεζικήν,
450 3743 496 3802 καί
505 3742 569 3823 πρὸς
581 3741 680 3808 τούτοις
690 3741 748 3807 τοὺς
759 3741 863 3810 τοξότας
872 3742 917 3801 καί
930 3741 989 3810 τοῦς

210 3835 358 3915 Ἀγριᾶνας,
377 3834 499 3913 περιῆλθε
515 3836 560 3903 τῆς
577 3829 679 3896 πόλεως
700 3832 728 3888 τὸ
746 3833 810 3910 πρὸς
823 3830 927 3890 Μύνδον
941 3829 985 3907 με’-

211 3946 266 4003 ρος,
278 3922 309 3980 τό
322 3944 349 3980 τι
359 3925 444 3999 τεῖχος
458 3919 646 3999 καταγόμενος,
657 3920 680 3976 εί
693 3914 776 3996 ταύτῃ
791 3917 987 3996 ἐπιμαχώτερον

211 4009 334 4087 τυγχάνει
348 4006 376 4066 δν
390 4011 415 4073 ἐς
430 4004 478 4077 τὴν
492 4001 642 4084 προσόολὴν
655 4003 701 4061 καὶ
715 4004 771 4074 ἅμα
787 4005 809 4062 τί
823 4004 870 4074 τὴν
884 4000 988 4063 Μύνδον

210 4095 237 4165 ἐξ
248 4097 389 4177 ἐπιδρομῆς
400 4092 504 4151 δύναιτο
514 4091 600 4150 λαθὼν
614 4099 764 4169 κατασχεῖν·
777 4090 880 4149 ἔσεσθαι
894 4088 945 4171 γδιρ
959 4092 988 4148 ού

171 4214 198 4250 ιο
211 4181 323 4263 σμικρὰν
337 4179 385 4251 τὴν
405 4179 532 4259 ὠφέλειαν
545 4180 571 4244 ἐς
584 4176 631 4248 τὴν
647 4181 693 4243 τῆς
715 4176 917 4254 Ἁλικαρνασσοῦ
936 4198 988 4234 πο-

210 4268 327 4349 λιορκίαν
339 4267 387 4337 τὴν
401 4266 505 4327 Μύνδον
516 4263 613 4324 οἰκείαν
625 4263 774 4342 γινομένην·
786 4263 831 4322 καί
844 4287 868 4321 τι
880 4263 925 4321 καί
936 4266 989 4322 ἐνε-

212 4357 295 4415 δίδοτο
309 4358 381 4435 αύτῷ
393 4359 423 4414 ἐκ
438 4358 490 4412 τῶν
504 4352 637 4429 Μυνδίων,
651 4355 674 4411 εί
685 4352 760 4412 λάθοι
770 4351 860 4419 νυκτός
873 4354 989 4428 προσελ-

213 4442 273 4502 θών.
304 4443 336 4521 (ο)
349 4441 433 4507 Αύτδς
450 4441 498 4518 μὲν
512 4439 544 4511 δὴ
561 4437 629 4497 κατδι
643 4436 676 4497 cd
690 4437 845 4515 ξυγκείμενα
859 4437 926 4517 ἀμφὶ
941 4436 989 4511 με’-

212 4555 259 4597 σας
272 4528 365 4595 νύκτας
381 4529 511 4608 προσῆλθε
528 4530 565 4606 τῷ
579 4524 668 4605 τείχει·
688 4530 723 4592 ὡς
737 4525 764 4583 δὲ
778 4525 850 4584 οὐδὲν
865 4525 989 4584 ἐνεδίδοτο

172 4644 198 4681 ιι
212 4618 264 4675 ἀπὸ
279 4619 331 4674 τῶν
347 4614 429 4686 ἐνδον,
445 4613 513 4672 αἵτε
529 4613 647 4691 μηχαναί
668 4613 712 4670 καί
731 4616 758 4669 αἱ
777 4612 903 4690 κλίμακες
918 4614 988 4691 αὐτῷ

211 4708 241 4763 οὐ
255 4706 388 4781 παρῆσαν,
400 4691 441 4759 οἷα
454 4701 485 4770 δὴ
500 4703 545 4759 ούκ
559 4699 604 4757 ἐπί
618 4698 768 4777 πολιορκίαν
786 4698 919 4771 σταλέντι,
931 4698 988 4755 ἀλλ’

212 4795 246 4857 ὡς
266 4790 309 4848 ἐπὶ
326 4788 451 4868 προδοσίᾳ
470 4786 632 4864 ἐνδιδομένης
651 4791 697 4856 τῆς
712 4785 825 4857 πολεως,
839 4785 989 4864 προσήγαγε

212 4876 258 4935 καί
271 4876 306 4941 ὣς
319 4878 371 4934 τῶν
388 4874 548 4935 Μακεδόνων
569 4873 616 4943 τὴν
630 4873 767 4953 ράλαγγα,
781 4870 931 4950 ὑπορύττειν
945 4895 989 4930 κε·

212 4964 305 5030 λεύσας
314 4962 344 5020 τδ
353 4971 449 5041 τεῖχος.
494 4962 527 5037 (7)
541 4960 594 5020 Καὶ
601 4959 646 5017 ἕνα
658 4983 688 5036 γε
699 4959 797 5039 πύργον
808 4957 953 5017 κατίῦαλον
965 4962 989 5017 oi

174 5079 201 5116 ao
212 5049 369 5115 Μακεδόνες·
390 5050 420 5107 οὐ
442 5046 529 5124 μέντοι
543 5045 677 5124 ἐγύμνωσέ
694 5069 724 5123 γε
743 5045 774 5104 τὸ
787 5053 872 5124 τεῖχος
893 5045 989 5103 πεσών·

214 5139 259 5197 καί
273 5141 297 5196 oi
306 5140 336 5197 ἐκ
346 5141 392 5209 τῆς
405 5135 505 5201 πόλεως
517 5134 573 5210 ἅμα
588 5133 722 5212 εύρώστως
735 5132 890 5209 ἀμυνόμενοι
904 5132 949 5190 καί
960 5135 990 5190 ἐκ

214 5232 260 5297 τῆς
272 5226 474 5305 Ἁλικαρνασσοῦ
488 5220 557 5282 κατίι
575 5224 708 5281 θάλασσαν
728 5219 820 5280 πολλοὶ
836 5220 887 5292 ἤδη
903 5243 989 5301 παρα·

1035 1320 1813 1391 rentasscellectnrumdlsqueenlmunderernigesinsupplemm·

1034 1408 1087 1454 turn
1096 1406 1243 1468 acciperent,
1253 1420 1392 1488 neque-quo
1408 1421 1433 1457 sc
1448 1409 1473 1457 in
1484 1409 1538 1460 Αείιι
1552 1411 1701 1475 recipment,
1718 1413 1811 1463 babere

1034 1484 1144 1546 Aquilam
1153 1486 1226 1534 edam
1235 1486 1270 1535 ita
1277 1486 1502 1549 interpretatusest,
1511 1489 1576 1551 qnod
1584 1490 1812 1557 dgnilioeretipsnni

1034 1585 1048 1620 e
1060 1573 1197 1621 continente
1208 1585 1282 1622 nasos
1289 1573 1421 1624 victurum.

1065 1665 1089 1707 a.
1107 1658 1149 1709 liis
1164 1659 1235 1709 rebus
1246 1660 1280 1709 its
1294 1662 1410 1724 paradis,
1426 1662 1452 1710 ln
1462 1663 1558 1714 canaan
1567 1666 1656 1729 movit,
1672 1668 1740 1729 qnod
1752 1669 1812 1731 apud

1034 1754 1226 1804 Habnsmassurn
1234 1766 1282 1805 non
1291 1757 1813 1819 exiguntumbmbsrorumtnmeaterorrm

1033 1860 1109 1923 oopiac
1121 1874 1172 1911 esso
1188 1863 1371 1913 nuntiabantur.
1387 1864 1506 1914 Omnibus
1516 1878 1587 1928 porro
1598 1879 1655 1928 quse
1667 1867 1733 1918 inter
1746 1871 1813 1919 Mile·

1033 1962 1086 2009 tum
1101 1963 1126 2011 et
1136 1962 1328 2013 Halicarnassum
1338 1963 1384 2013 sita
1392 1967 1449 2014 sunt
1457 1965 1550 2028 oppidis
1564 1966 1642 2029 priano
1655 1968 1764 2018 adventu
1773 1984 1812 2019 ea·

1033 2065 1088 2127 ptis,
1094 2065 1200 2127 quinque
1209 2065 1362 2115 iereaburbe
1367 2065 1530 2116 stadiiscastna
1537 2068 1601 2117 locat
1611 2089 1618 2117 ι
1628 2071 1813 2132 qnoddinturm

1032 2160 1124 2210 obsldio
1133 2162 1215 2210 lutura
1225 2161 1358 2210 videbatur.
1389 2163 1422 2223 (a)
1436 2165 1497 2213 Mam
1506 2163 1563 2213 urbs
1572 2166 1597 2213 et
1605 2167 1695 2214 natura
1703 2167 1752 2216 loci
1764 2182 1812 2217 mn·

1032 2261 1083 2309 nita
1091 2262 1151 2322 erat,
1159 2263 1184 2310 et
1193 2260 1235 2310 ubi
1244 2260 1335 2323 aliquid
1341 2261 1373 2310 ad
1379 2261 1536 2312 munitionem
1545 2262 1626 2313 deesse
1636 2266 1716 2315 vbnm
1726 2268 1811 2329 ineant,

1033 2367 1162 2415 boconiae
1182 2369 1309 2427 Memnon,
1326 2379 1439 2430 presens,
1448 2368 1498 2430 jam
1511 2369 1627 2420 interioris
1642 2372 1707 2421 Asiae
1724 2374 1812 2423 totitas·

1032 2479 1079 2528 que
1088 2466 1563 2529 classisprreiactusaliariodoolaratus,
1576 2469 1654 2519 multo
1669 2475 1743 2521 antea
1758 2487 1812 2536 pro

1033 2571 1137 2619 curarat.
1146 2571 1176 2618 lit
1183 2567 1280 2630 quidem
1290 2568 1378 2618 milites
1386 2569 1525 2619 mercenarii
1535 2583 1583 2619 non
1593 2568 1666 2633 pauci
1676 2574 1745 2624 urbis
1753 2589 1812 2639 pru·

1032 2668 1093 2718 sidio
1100 2667 1206 2731 impositi
1215 2669 1297 2728 mant,
1307 2665 1379 2717 multi
1389 2669 1462 2718 etiarn
1471 2672 1558 2719 Persoe.
1572 2672 1694 2721 Trirenms
1707 2676 1781 2724 ethin
1788 2677 1812 2725 in

1032 2763 1595 2828 portumduxerst,quu1netnantarumopera
1604 2780 1692 2830 magno
1701 2772 1757 2821 usui
1765 2752 1812 2823 ὧν

1032 2864 1121 2926 posset.

1063 2970 1086 3015 l.
1097 2966 1171 3029 igitur
1180 2967 1257 3029 primo
1265 2967 1347 3017 statim
1355 2965 1395 3016 die
1403 2966 1539 3018 alexandro
1547 2969 1683 3019 exercitum
1693 2970 1724 3020 ad
1734 2984 1813 3021 muros

1032 3069 1179 3133 adducente,
1189 3069 1220 3119 ad
1234 3072 1315 3131 portas
1327 3084 1383 3134 qum
1394 3072 1483 3134 Mylasa
1495 3073 1589 3133 luunt,
1603 3086 1690 3135 magna
1701 3076 1812 3123 condano

1032 3193 1064 3229 ex
1075 3178 1135 3229 urbe
1143 3180 1253 3228 excursio
1262 3179 1303 3240 tit,
1313 3180 1338 3229 et
1346 3179 1452 3229 velitaris
1460 3192 1538 3243 pugna
1547 3180 1677 3230 ciuntur.
1694 3184 1727 3231 At
1736 3185 1811 3232 Mane·

1032 3276 1106 3326 dones
1113 3275 1278 3325 contraineos
1286 3280 1453 3340 excurrentes,
1464 3290 1537 3340 parvo
1546 3278 1642 3340 negotio
1652 3284 1813 3341 represserunt

1032 3386 1105 3446 atque
1114 3385 1139 3433 in
1150 3383 1235 3433 urbem
1244 3383 1390 3445 repulerunt

1064 3492 1088 3533 u.
1104 3484 1189 3532 Paucis
1200 3480 1497 3546 postdiebnsllexander,
1505 3481 1608 3544 sumptis
1616 3483 1813 3533 scutatisetami·

1033 3598 1117 3633 mrum
1126 3584 1235 3647 equitatu
1246 3586 1271 3633 et
1280 3586 1391 3646 Amyntae
1403 3584 1570 3647 Perdoeeqne
1580 3586 1606 3634 et
1620 3585 1735 3648 Meleagri
1743 3586 1813 3649 paede-

1033 3690 1122 3740 siribus
1136 3689 1226 3752 copiis,
1236 3702 1265 3738 nc
1281 3690 1369 3751 prater
1378 3689 1422 3738 bos
1430 3689 1556 3752 sagittariis
1564 3691 1590 3739 et
1598 3690 1722 3753 Agrianis,
1736 3694 1813 3741 trans·

1033 3796 1061 3845 iit
1073 3795 1103 3845 sd
1120 3809 1174 3844 eam
1184 3795 1249 3844 urbis
1259 3797 1353 3857 partem
1362 3807 1411 3856 qua
1423 3793 1539 3856 Myndum
1546 3798 1652 3857 specim,
1661 3809 1814 3845 munumen-

1033 3899 1170 3962 ploraturus
1178 3911 1210 3948 an
1218 3911 1247 3948 ea
1255 3899 1325 3960 parte
1331 3896 1481 3947 commodius
1492 3898 1637 3961 oppugnari,
1647 3902 1672 3948 el
1684 3912 1717 3948 an
1727 3898 1814 3961 Myndo

1033 4004 1121 4068 pariter
1138 4004 1218 4054 subita
1236 4007 1309 4065 atque
1326 4002 1456 4065 improvisa
1472 4001 1613 4052 excursione
1633 4003 1708 4064 potiri
1727 4005 1814 4067 γιοσιεί,

1034 4107 1185 4170 Μνιαλιοειίω
1193 4107 1349 4157 εωοειίουωιι
1363 4118 1449 4169 magno
1462 4104 1695 4166 sibiarlJumcntoad
1710 4108 1814 4156 ilalinar-

1033 4207 1095 4258 nassi
1104 4205 1250 4258 obsidionem
1262 4206 1313 4254 iore
1329 4203 1449 4254 cescebat.
1466 4205 1497 4252 st
1508 4202 1607 4266 quidem
1615 4202 1730 4253 nonnulli
1745 4205 1814 4264 Myn-

1033 4305 1117 4355 denscs
1128 4302 1274 4354 deditionem
1286 4299 1423 4352 Alexandro
1438 4299 1538 4362 polliciti
1557 4303 1626 4349 erant
1633 4335 1642 4361 ‚
1662 4298 1684 4348 si
1697 4299 1763 4349 ciam
1773 4312 1814 4361 per

1033 4410 1130 4458 noctem
1138 4405 1283 4456 amessisset.
1297 4404 1332 4466 (6)
1348 4405 1423 4453 Mocte
1434 4401 1506 4464 igitur
1515 4402 1671 4464 intempesta,
1682 4402 1722 4451 uti
1731 4414 1814 4450 sonte

1034 4510 1115 4571 uerat,
1130 4507 1160 4556 nd
1172 4520 1255 4556 muros
1263 4505 1331 4555 veuit
1340 4524 1347 4555 ι
1357 4515 1482 4567 quumque
1495 4501 1627 4565 oppidanos
1638 4501 1701 4550 nibil
1709 4501 1742 4550 de
1752 4499 1814 4549 dedi·

1034 4613 1098 4662 done
1106 4613 1195 4673 agitare
1209 4608 1311 4669 videret,
1324 4619 1403 4669 neque
1415 4605 1533 4655 machine
1545 4617 1574 4654 ac
1588 4605 1661 4653 scala
1669 4604 1703 4653 ad
1717 4616 1814 4653 mnam

1034 4718 1125 4776 essem,
1137 4713 1202 4777 quod
1211 4725 1260 4761 non
1272 4712 1466 4773 oppugnaturus,
1478 4708 1520 4758 sed
1534 4708 1669 4771 proditione
1684 4707 1815 4756 urbcmrs-

1034 4824 1147 4883 capturus
1157 4820 1268 4881 tenuat,
1280 4815 1435 4866 nibilominus
1443 4817 1523 4864 tamen
1532 4812 1693 4864 Macedonum
1701 4811 1814 4875 phalange

1034 4924 1131 4988 propius
1141 4922 1238 4973 admota
1247 4933 1344 4970 muium
1356 4918 1443 4969 suliodi
1450 4917 1520 4981 jubet
1529 4932 1535 4965 ι
1545 4917 1579 4978 (7)
1591 4917 1634 4979 qni
1646 4916 1731 4966 Malim
1743 4926 1814 4963 unam

1034 5027 1121 5077 turrim
1134 5025 1277 5076 subvertunt
1288 5042 1294 5073 ι
1308 5022 1379 5084 onius
1389 5024 1469 5071 tamen
1481 5020 1551 5069 ruins
1561 5031 1661 5067 mamm
1671 5031 1724 5067 non
1736 5015 1813 5067 nuda·

1036 5131 1076 5179 sit.
1119 5126 1236 5190 Oppidani
1245 5137 1341 5175 summa
1352 5124 1377 5173 vi
1388 5124 1524 5173 roebtentas
1536 5124 1561 5170 et
1574 5120 1646 5169 multi
1661 5120 1812 5170 Habeamus-

1034 5238 1114 5276 seusu
1121 5225 1171 5286 jam
1186 5223 1247 5273 mari
1256 5220 1378 5285 suppetias
1388 5220 1499 5281 luentes,
1513 5216 1643 5269 Alexandri
1656 5216 1689 5267 de
1701 5215 1813 5280 (πρίω
