3848 5914
380 532 408 611 vj
634 576 641 589 .
933 534 1140 594 rsnrt'rro.
1221 607 1223 612 ,

380 663 462 757 legit
479 675 516 735 et
530 664 684 735 correxit
702 690 711 733 ε
727 663 824 735 idem
845 687 925 760 quae
945 677 1030 762 post
1049 662 1173 735 Indica
1195 664 1365 759 leguntur
1382 668 1516 764 scripta
1532 667 1717 768 disposuit

380 799 417 858 et
437 787 662 882 recognovit,
686 787 724 858 in
743 787 896 859 Tacticis
915 785 1078 859 adhibito
1098 786 1236 860 codice.

431 913 568 980 Notum
586 925 639 980 est
655 910 793 980 Arriani
813 908 927 980 libros
946 910 1099 1007 scriptos
1116 934 1245 985 omnes
1265 910 1404 982 lacunis
1425 909 1590 1009 plurimis
1614 915 1717 988 labo·

383 1057 478 1120 rare;
507 1057 610 1129 quas,
639 1047 769 1131 praeter
797 1032 972 1127 majorem
1004 1058 1126 1119 unam,
1154 1033 1311 1130 explevit
1338 1034 1455 1106 codex
1485 1036 1716 1112 Florentinus

385 1154 563 1248 Optimus.
593 1151 699 1225 Idem·
726 1151 841 1260 codex
861 1176 926 1249 per
954 1166 1074 1223 totum
1101 1154 1290 1225 Arrianum
1318 1155 1494 1227 lectiones
1512 1157 1621 1231 habet
1649 1160 1712 1231 uni

256 1326 258 1333 ι
384 1274 453 1347 sibi
471 1276 650 1374 proprias,
666 1299 820 1373 quarum
838 1299 921 1373 pars
938 1275 1046 1371 longe
1066 1275 1219 1347 maxima
1238 1280 1357 1349 statim
1375 1280 1584 1373 agnoscitur
1601 1280 1714 1378 ipsam

384 1420 534 1497 manum
560 1397 748 1495 scriptoris
780 1398 919 1468 referre.
943 1402 1023 1486 Qua
1049 1422 1089 1469 re
1111 1413 1298 1495 permotus
1317 1396 1573 1473 Schmiederus
1603 1400 1715 1499 φύρδην

384 1521 506 1591 omnio
520 1520 597 1616 ejus
617 1520 655 1592 in
676 1545 779 1592 suam
794 1517 993 1592 editionem
1010 1519 1166 1590 contulit
1182 1546 1190 1589 :
1208 1517 1273 1590 sed
1291 1518 1492 1592 Ellendtius
1515 1525 1715 1615 Krugerus·

384 1666 457 1740 que
483 1644 529 1717 de
559 1643 747 1716 nonnullis
778 1658 875 1715 recte
908 1641 1122 1714 dubitarunt
1151 1657 1187 1714 et
1217 1643 1406 1714 sanissima
1433 1643 1517 1715 crisi
1547 1658 1713 1715 naturam

384 1764 560 1862 cujusque
579 1764 744 1839 lectionis
762 1764 995 1864 explorarunt
1022 1778 1217 1861 antequam
1242 1765 1457 1863 reciperent.
1479 1769 1522 1836 In
1544 1766 1603 1836 his
1621 1764 1715 1862 diju-

384 1885 549 1958 dicandis
578 1885 669 1957 nihil
697 1886 806 1981 magis
835 1911 915 1958 esse
946 1901 1155 1984 exoptatum
1188 1902 1329 1984 poterat
1359 1912 1470 1985 quam
1502 1884 1714 1959 Florentino

384 2008 503 2081 codici
522 2009 639 2080 simile
657 2008 862 2106 exemplum
883 2009 1049 2098 alterum,
1068 2034 1144 2106 quo
1162 2024 1443 2103 cognosceretur
1462 2033 1504 2080 ac
1520 2009 1715 2106 distingue·

384 2147 484 2203 retur
501 2123 590 2228 quid
615 2131 769 2203 librario'
794 2131 1043 2229 potiusquam
1067 2132 1198 2203 eximio
1227 2131 1425 2230 archetypo
1445 2145 1534 2203 esset
1559 2131 1714 2203 releren-

384 2254 485 2327 dum.
502 2251 694 2350 Ejusmodi
712 2254 846 2326 librum
867 2254 1069 2327 Ellendtius
1088 2279 1163 2326 non
1189 2269 1425 2352 cognoverat;
1446 2254 1508 2326 scd
1528 2256 1713 2350 cognitum

383 2377 749 2472 babebatKri'rgerus,
764 2378 828 2474 qui
841 2377 1033 2450 collatione
1047 2378 1163 2450 nostri
1178 2377 1317 2449 codicis
1328 2378 1374 2449 ab
1386 2377 1714 2473 Schweighaeusero

384 2499 476 2596 (filio
494 2498 643 2597 opinor)
669 2499 835 2571 confecta
862 2501 900 2573 in
930 2503 1096 2599 Magnsin
1117 2499 1407 2598 encyclopddiqne
1438 2499 1543 2586 1803,
1572 2500 1645 2571 vol.
1681 2524 1712 2586 ι,

385 2649 422 2721 p.
438 2627 507 2721 447
529 2648 640 2722 seqq,
667 2636 722 2696 est
747 2647 843 2696 usus.
860 2627 942 2696 Non
963 2623 1109 2720 quaesivi
1128 2647 1212 2694 cum
1230 2623 1377 2709 librum,
1397 2621 1498 2720 quod
1525 2622 1616 2693 tanti
1638 2647 1712 2693 non

384 2762 471 2837 erat,
487 2770 604 2844 quum
627 2746 747 2845 ipsum
767 2745 930 2817 codicem
950 2770 1059 2817 manu
1085 2761 1242 2818 tenerem
1260 2771 1268 2815 :
1286 2744 1350 2816 sed
1367 2744 1715 2839 Schweighaeuserus

384 2870 415 2941 si
438 2869 498 2942 illa
515 2869 592 2941 sola
608 2869 789 2966 posuisset
814 2893 893 2965 quae
913 2872 1091 2964 Kritgerus
1115 2869 1425 2954 commemoravit,
1448 2892 1509 2957 ser
1530 2882 1714 2965 septemve

383 2991 549 3067 locorum
577 2988 893 3081 emendationem,
914 2992 990 3087 jam
1021 2992 1106 3063 inde
1137 2990 1376 3088 liquidissime
1406 2989 1601 3088 apparebat
1629 3013 1712 3059 eum

384 3114 548 3187 codicem
567 3114 777 3187 Florentino
790 3139 913 3212 parem
931 3116 1144 3186 auctoritate
1160 3138 1250 3201 esse,
1266 3117 1490 3210 superiorem
1502 3137 1578 3184 esse
1594 3136 1712 3211 posse.

385 3237 628 3310 Nihilominus
644 3243 826 3333 Kri'rgerus
846 3261 891 3311 eo
909 3239 1064 3334 κριτηρίῳ,
1084 3234 1186 3333 quod
1210 3235 1313 3307 facile
1333 3234 1402 3306 sibi
1420 3258 1631 3331 comparare
1645 3258 1711 3330 po·

385 3374 489 3448 terat,
508 3384 629 3432 carere
649 3360 776 3431 maluit
789 3375 824 3432 et
839 3358 1006 3431 dubitare
1021 3360 1057 3430 in
1075 3359 1198 3433 multis
1212 3384 1321 3456 quarn
1338 3374 1472 3430 certam
1492 3383 1567 3430 rem
1581 3374 1711 3430 tenere.

385 3481 496 3568 Quod
513 3480 681 3580 equidem
696 3484 835 3554 Arriani
856 3507 979 3554 caussa
997 3484 1101 3559 valde
1119 3483 1227 3556 doleo
1245 3510 1253 3554 :
1273 3508 1357 3553 nam
1375 3484 1520 3554 criticus
1539 3481 1599 3553 ille
1616 3506 1713 3577 egre·

384 3604 477 3700 gius,
497 3604 734 3695 admirabilis,
753 3607 783 3677 si
810 3606 959 3678 Parisini
978 3607 1114 3679 codicis
1139 3607 1307 3679 varietate
1324 3608 1462 3702 integra
1479 3606 1651 3677 voluisset
1666 3604 1711 3676 ed

383 3752 487 3799 suam
501 3727 702 3800 editionem
718 3728 915 3826 parandam
934 3730 1000 3819 uti,
1018 3755 1196 3828 perpauca
1211 3743 1442 3828 superessent
1457 3727 1684 3800 emendanda
1702 3755 1710 3799 :

384 3875 486 3921 nunc
501 3851 724 3948 spicilegium
738 3851 839 3923 vides
853 3853 937 3924 satis
950 3852 1125 3949 amplum.

433 3974 489 4041 De
516 3971 665 4066 singulis
690 3972 780 4044 locis
805 3971 894 4069 quid
915 3971 1077 4069 judicem
1104 3973 1178 4044 diri
1198 3972 1322 4060 libere,
1343 3997 1418 4044 non
1437 3971 1629 4061 obstinate,
1647 3973 1711 4068 qui

383 4094 493 4166 sciam
512 4117 587 4167 non
610 4118 688 4165 esse
707 4118 908 4190 paucorum
933 4096 996 4192 qui
1026 4095 1114 4166 mihi
1129 4097 1294 4167 concessi
1316 4110 1417 4166 erant
1434 4095 1614 4167 mensium
1631 4118 1711 4191 pro·

384 4239 523 4313 ponere
542 4217 757 4289 sententiam
771 4241 793 4288 a
807 4241 880 4313 qua
906 4241 981 4291 non
1006 4215 1169 4290 decedas.
1186 4224 1265 4289 Jam
1284 4242 1371 4289 vero
1389 4216 1585 4290 dilucidius
1601 4240 1710 4314 quam

383 4351 468 4410 ante
486 4361 555 4410 nos
571 4352 720 4435 apparet
745 4339 783 4409 in
802 4338 1010 4412 Florentino
1038 4340 1167 4412 codice
1190 4353 1226 4411 et
1250 4339 1439 4412 librarium
1462 4338 1629 4438 quaedam
1654 4337 1709 4410 vel

383 4459 485 4559 lapsu
515 4460 570 4535 vel
594 4475 724 4558 sponte
749 4477 918 4535 currente
936 4463 1074 4535 calamo
1094 4464 1279 4562 scripsisse
1301 4462 1405 4535 aliter
1428 4478 1537 4559 atque
1554 4476 1655 4533 erant
1673 4462 1710 4531 in

383 4582 593 4682 archetypo,
619 4599 656 4658 et
688 4599 931 4657 correctorem
960 4584 1005 4657 de
1030 4610 1096 4658 suo
1123 4609 1198 4657 non
1226 4608 1339 4685 pauca
1368 4584 1545 4657 intulisse.
1571 4582 1712 4654 Deinde

383 4706 534 4803 planum
552 4706 593 4778 fit
614 4707 856 4797 Gronovium,
876 4732 1083 4805 quanquam
1098 4732 1167 4805 pro
1183 4722 1346 4804 tempore
1363 4705 1425 4777 illo
1443 4706 1575 4776 harum
1589 4727 1710 4776 rerum

384 4829 612 4902 incuriosiori
626 4830 678 4901 sic
694 4831 779 4902 satis
790 4829 1012 4926 diligentem,
1027 4830 1139 4901 multa
1153 4830 1190 4901 in
1207 4830 1282 4901 suis
1296 4829 1485 4901 codicibus
1498 4828 1707 4924 neglexisse,

383 4951 579 5047 presertim
605 4976 686 5049 quae
705 4951 752 5023 ad
774 4951 929 5024 ordinem
955 4952 1207 5024 vocabulorum
1228 4953 1424 5050 pertinent.
1455 4955 1507 5022 Ex
1536 4963 1709 5048 apparatu

383 5087 504 5145 autem
539 5074 603 5169 qui
637 5072 727 5144 mihi
754 5072 904 5147 traditus
928 5088 1004 5146 erat
1027 5097 1142 5170 quum
1168 5072 1328 5145 viderem
1355 5073 1402 5145 de
1425 5070 1548 5142 multis
1569 5084 1708 5141 certum

384 5192 468 5269 ferri
490 5191 668 5297 judicium
689 5217 764 5265 non
792 5218 912 5293 posse,
940 5194 976 5265 in
1005 5218 1050 5266 eo
1073 5218 1131 5265 me
1157 5193 1323 5266 continui
1353 5208 1398 5265 ut
1415 5190 1545 5291 optimi
1572 5189 1710 5265 codicis
