3848 5914
618 774 1092 929 PRAEFATIO.

720 1132 1000 1163 -οοσι-

232 1476 273 1546 ln
291 1471 652 1546 commendatissimo
669 1471 765 1545 libro
783 1473 1038 1546 Sento-Crucii
1061 1473 1108 1545 de
1138 1472 1374 1571 scriptoribus
1398 1497 1519 1547 rerum

185 1596 380 1671 Alexandri
397 1600 444 1668 Μ.
463 1619 579 1693 quum
596 1595 672 1667 haec
696 1595 860 1692 legissem
873 1596 920 1668 de
934 1597 1063 1669 Orosio
1081 1596 1177 1669 dicta
1192 1599 1244 1697 (p.
1273 1625 1351 1685 122,
1366 1613 1442 1671 not.
1457 1598 1519 1695 ²l²

183 1722 220 1792 Ie
242 1720 494 1818 Bibliotddquc
517 1720 700 1791 nationale
726 1745 772 1791 ea
783 1719 940 1816 possede
965 1719 1074 1792 ‹lonzc
1097 1725 1320 1808 manuscrits,
1339 1728 1403 1819 qui
1415 1724 1521 1793 serri-

184 1848 299 1915 rur'ent
316 1843 493 1940 beaucoup
515 1843 708 1942 &corniger
728 1844 762 1915 le
780 1859 878 1915 texte
893 1842 937 1914 de
956 1860 1010 1915 eet
1033 1846 1186 1916 e‘crtiwa
1209 1871 1333 1917 encore
1358 1844 1522 1917 tres-con

185 1992 313 2063 tempu
324 1965 416 2038 dans
434 1964 590 2039 ledtrton
604 1965 649 2037 de
659 1972 903 2063 Harercamp‚·
922 1966 1090 2038 nolebam
1103 1967 1280 2063 negligere
1294 1968 1330 2038 in
1345 1969 1521 2066 scriptore

183 2091 243 2163 cui
264 2089 463 2161 multarum
484 2112 604 2160 rerum
620 2090 787 2160 notitiam
805 2087 982 2161 debemus
1004 2088 1084 2161 soli.
1102 2094 1146 2160 tt
1164 2091 1259 2162 enim
1273 2072 1417 2162 codices
1438 2090 1521 2163 illos

182 2235 279 2308 quos
310 2210 450 2309 inspexi
471 2235 614 2299 omnes,
646 2235 721 2282 non
741 2209 914 2282 accedere
939 2210 1179 2283 animadverti
1202 2212 1249 2285 ad
1275 2214 1518 2319 praestantiam

183 2332 388 2406 Florentini
418 2348 454 2405 et
480 2332 636 2405 aliorum
662 2328 896 2430 quorundam
929 2335 1195 2433 Havercampii,
1225 2337 1290 2433 qui
1319 2310 1519 2408 rem⁹suam

183 2459 328 2530 utinam
355 2456 565 2551 diligentius
594 2456 732 2551 egisset.
763 2455 864 2526 Idem
895 2456 1177 2529 santo-Crucius
1206 2459 1341 2530 Arriani
1375 2458 1521 2531 codices

181 2580 316 2685 Regios
329 2602 509 2675 nusquam
522 2577 755 2650 commendat
772 2604 781 2648 ε
797 2576 1132 2650 commendandum
1147 2603 1247 2666 vero,
1265 2579 1358 2651 etde
1371 2566 1521 2654 meliore

182 2701 337 2799 quidem
367 2715 466 2787 nota,
490 2714 586 2771 certe
614 2724 729 2770 unum
756 2700 865 2771 fuisse
894 2699 1019 2772 docuit
1043 2724 1100 2771 me
1134 2702 1324 2774 ludovicus
1352 2704 1518 2798 Dathema,

182 2824 287 2921 cujus
307 2822 468 2895 amicitia
482 2846 548 2920 per
560 2823 625 2893 tria
643 2823 757 2894 lustra
776 2823 955 2894 constanti
976 2823 1087 2893 lruor.
1105 2827 1140 2894 Is
1154 2825 1265 2915 enim,
1281 2826 1519 2902 orientalibus

183 2946 298 3018 literis
327 2945 495 3018 assiduus
524 2969 626 3042 aeque
657 2969 699 3016 ac
732 2945 926 3017 latinarum
959 2970 1226 3043 grecorumque
1257 2970 1382 3021 sumus
1411 2964 1520 3046 atque

182 3070 315 3155 sciens,
333 3069 450 3140 otium
468 3069 500 3139 si
521 3067 624 3164 quod
651 3069 876 3164 contingeret
898 3069 1048 3139 Arriano
1066 3092 1130 3165 per
1146 3069 1379 3142 Asiaticorum
1397 3096 1518 3143 rerum

182 3192 305 3265 studia
336 3190 552 3290 explicando
579 3205 798 3288 seposuerat.
825 3196 904 3264 lam
927 3190 1072 3263 codices
1101 3191 1163 3262 ubi
1183 3191 1373 3265 consulere
1394 3195 1517 3293 coepit,

183 3339 300 3387 unum
325 3316 467 3387 inuenit
496 3315 605 3386 unico
627 3312 680 3385 illi
703 3314 923 3403 Florentino,
948 3339 1057 3410 quem
1081 3317 1290 3387 Gronovius
1307 3318 1519 3415 simpliciter

184 3441 369 3535 Optimum
386 3437 592 3536 appellavit,
614 3463 763 3536 prorsus
789 3440 989 3533 geminum.
1017 3441 1124 3509 Hunc
1143 3437 1265 3534 igitur,
1292 3455 1330 3512 ut
1348 3465 1414 3539 par
1429 3458 1517 3534 eret,

180 3578 263 3635 autc
280 3561 409 3633 omnia
423 3560 578 3632 contulit
593 3561 880 3648 accuratissime3
900 3559 1032 3633 deinde
1048 3562 1138 3633 alios
1153 3563 1263 3654 trivit,
1279 3562 1353 3637 hoc
1368 3590 1517 3663 quoque

182 3685 240 3780 (ut
253 3682 654 3782 posteacognoscetur)
667 3683 950 3780 haudquaquam
965 3684 1515 3785 inutiliter.Quenrapparatum,
1641 3680 1643 3684 ⁸

183 3831 229 3878 ne
247 3805 368 3904 (quod
382 3807 457 3902 jam
481 3831 548 3905 per
573 3806 772 3878 duodecim
802 3830 917 3877 annos
940 3830 1031 3899 aegre
1062 3806 1153 3902 sero)
1174 3807 1211 3877 in
1231 3807 1372 3880 scriniis
1390 3809 1516 3882 lateret

182 3927 336 4019 diutius,
364 3952 449 4000 cum
480 3929 642 4000 Firmino
669 3927 782 3999 Didot
811 3927 1093 4000 communicavit
1117 3926 1167 4000 nd
1195 3930 1391 4033 parandam
1419 3930 1515 4006 hanc

182 4051 394 4142 editionem,
412 4051 460 4123 de
478 4076 551 4149 qua
569 4076 669 4123 nunc
687 4068 740 4124 est
762 4050 995 4123 narrandum.

234 4174 290 4247 nb
312 4176 436 4248 Ger‘ern
466 4175 622 4260 Halensi,
642 4176 705 4272 qui
726 4174 772 4246 de
790 4174 899 4246 rebus
919 4174 963 4246 ad
984 4174 1221 4248 Alexandrum
1239 4180 1284 4249 Μ.
1304 4179 1516 4276 pertinenti·

188 4294 258 4368 bus
287 4295 443 4367 multum
473 4295 634 4392 quaesivit
661 4311 697 4367 et
717 4296 928 4393 preclarum
949 4320 1075 4367 eorum
1101 4297 1306 4370 studiorum
1330 4300 1514 4397 specimen

189 4417 317 4506 edidit,
330 4418 536 4517 accepimus
551 4419 781 4515 Knigerianae
791 4418 962 4490 editionis
973 4419 1178 4518 exemplum
1192 4437 1357 4512 accurate
1370 4423 1515 4515 lectum,

189 4539 250 4612 hic
267 4540 340 4613 illic
356 4540 403 4613 de
419 4541 533 4639 ipsius
549 4542 728 4615 sententia
742 4556 919 4613 mutatum
938 4568 947 4612 ε
967 4543 1032 4639 qui
1045 4543 1168 4640 paullo
1184 4544 1351 4641 pluribus
1366 4548 1402 4617 in
1416 4547 1517 4636 locis,

190 4687 299 4758 quam
313 4667 507 4757 liudgerus,
527 4662 691 4734 codicem
714 4663 963 4735 Florentinum
981 4663 1209 4761 sequendum
1226 4690 1302 4738 esse
1315 4683 1517 4764 putaverat,

192 4802 227 4856 et
243 4786 383 4883 aliquot
411 4786 508 4858 illius
538 4770 667 4857 deletis
697 4785 930 4880 conjecturis,
956 4786 1085 4857 eximia
1105 4785 1269 4882 quaedam
1289 4788 1519 4866 Sintenisin·

129 4918 134 4929 “
192 4921 299 4977 senta
316 4921 352 4978 et
368 4931 435 4978 sua
456 4906 636 4978 nonnulla
649 4892 849 5005 receperat.
871 4913 949 4988 Hoc
964 4909 1170 5006 exemplum
1194 4910 1391 5008 typothetis
1408 4915 1516 4986 tradi·

194 5038 269 5095 tum
284 5040 337 5097 est
353 5053 362 5096 z
380 5027 472 5125 typis
489 5025 670 5123 descripta
689 5026 857 5124 equidem
884 5051 967 5099 cum
996 5026 1133 5099 codicis
1158 5029 1309 5101 Parisini
1337 5031 1516 5130 scriptura

192 5148 329 5219 contuli
355 5164 392 5221 et
411 5149 626 5245 recognovi3
646 5149 890 5247 stereotypicis
909 5148 1066 5247 denique
1090 5150 1214 5221 lormis
1236 5151 1408 5249 impressa
1428 5175 1506 5223 con
1605 5216 1607 5220 ,

194 5270 258 5342 tuli
273 5270 394 5345 denuo
410 5288 444 5345 et
462 5273 737 5345 adnotationem
754 5274 914 5347 criticam
929 5274 1071 5372 scripsi.
1087 5275 1213 5347 Latina
1226 5275 1398 5348 Miillcrus
1413 5298 1514 5346 meus

284 5407 405 5446 ᾸΙΙΙΛΜΙΙ,
